
@article{riehl2008weighted,
  title={Weighted limits and colimits},
  author={Riehl, Emily},
  year={2008},
  note={Based on talks by Mike Shulman, Autumn 2008},
  url={https://math.jhu.edu/~eriehl/weighted.pdf}
}

@book{riehl2014categorical,
  title={Categorical Homotopy Theory},
  author={Riehl, Emily},
  series={New Mathematical Monographs},
  number={24},
  year={2014},
  publisher={Cambridge University Press},
  doi={10.1017/CBO9781107261457}
}

@article{garner2018isbell,
  title={The Isbell monad},
  author={Garner, Richard},
  journal={Advances in Mathematics},
  volume={333},
  pages={1--31},
  year={2018},
  doi={10.1016/j.aim.2018.05.016}
}

@article{garner2013ionads,
  title={Ionads},
  author={Garner, Richard},
  journal={Journal of Pure and Applied Algebra},
  volume={217},
  number={6},
  pages={1029--1040},
  year={2013},
  doi={10.1016/j.jpaa.2012.09.013}
}

@book{kelly1982basic,
  title={Basic concepts of enriched category theory},
  author={Kelly, Gregory Maxwell},
  series={London Mathematical Society Lecture Note Series},
  volume={64},
  year={1982},
  publisher={Cambridge University Press},
  doi={10.1017/CBO9780511629563}
}

@book{maclane1971categories,
  title={Categories for the Working Mathematician},
  author={Mac Lane, Saunders},
  year={1971},
  publisher={Springer},
  doi={10.1007/978-1-4612-9839-7}
}

@book{gabriel1971lokal,
  title={Lokal pr\"{a}sentierbare Kategorien},
  author={Gabriel, Peter and Ulmer, Friedrich},
  series={Lecture Notes in Mathematics},
  volume={221},
  year={1971},
  publisher={Springer},
  doi={10.1007/BFb0081221}
}

@article{jonsson1951boolean,
  title={Boolean algebras with operators},
  author={J\'{o}nsson, Bjarni and Tarski, Alfred},
  journal={American Journal of Mathematics},
  volume={73},
  number={4},
  pages={891--939},
  year={1951},
  doi={10.2307/2372123}
}

@article{stone1936theory,
  title={The theory of representations for Boolean algebras},
  author={Stone, Marshall H},
  journal={Transactions of the American Mathematical Society},
  volume={40},
  number={1},
  pages={37--111},
  year={1936},
  doi={10.2307/1989664}
}

@article{isbell1960adequate,
  title={Adequate subcategories},
  author={Isbell, John R},
  journal={Illinois Journal of Mathematics},
  volume={4},
  number={4},
  pages={541--552},
  year={1960},
  doi={10.1215/ijm/1255456274}
}

@article{pratt2010communes,
  title={Communes via yoneda, from an elementary perspective},
  author={Pratt, Vaughan R},
  journal={Fundamenta Informaticae},
  year={2010},
  volume={103},
  pages={203--218},
  doi={10.3233/FI-2010-35}
}

@inproceedings{pratt2010chu,
  title={Chu spaces},
  author={Pratt, Vaughan R},
  booktitle={Handbook of Logic in Computer Science},
  volume={5},
  pages={261--352},
  year={2010},
  publisher={Oxford University Press}
}

@mastersthesis{schoots2015generalising,
  title={Generalising canonical extensions of posets to categories},
  author={Schoots, Nandi},
  school={Universiteit Leiden},
  year={2015}
}

@book{adamek1994locally,
  title={Locally Presentable and Accessible Categories},
  author={Ad\'{a}mek, Ji\v{r}\'{i} and Rosick\'{y}, Ji\v{r}\'{i}},
  series={London Mathematical Society Lecture Note Series},
  volume={189},
  year={1994},
  publisher={Cambridge University Press},
  doi={10.1017/CBO9780511600579}
}

@book{freyd1964abelian,
  title={Abelian Categories: An Introduction to the Theory of Functors},
  author={Freyd, Peter},
  year={1964},
  publisher={Harper \& Row}
}

@article{yoneda1954homology,
  title={On the homology theory of modules},
  author={Yoneda, Nobuo},
  journal={Journal of the Faculty of Science, University of Tokyo},
  volume={7},
  pages={193--227},
  year={1954}
}

@book{johnstone1982stone,
  title={Stone spaces},
  author={Johnstone, Peter T},
  series={Cambridge Studies in Advanced Mathematics},
  volume={3},
  year={1982},
  publisher={Cambridge University Press},
  doi={10.1017/CBO9780511627061}
}

@article{alexandroff1924metrisation,
  title={\"{U}ber die metrisation der im kleinen kompakten topologischen r\"{a}ume},
  author={Alexandroff, Pavel S},
  journal={Mathematische Annalen},
  volume={92},
  number={3-4},
  pages={294--301},
  year={1924},
  doi={10.1007/BF01448011}
}

@article{kan1958adjoint,
  title={Adjoint functors},
  author={Kan, Daniel M},
  journal={Transactions of the American Mathematical Society},
  volume={87},
  number={2},
  pages={294--329},
  year={1958},
  doi={10.1090/S0002-9947-1958-0131451-0}
}

@article{alexandroff1924point,
  author = {P. S. Alexandroff},
  title = {{\"U}ber die Metrisation der im Kleinen kompakten topologischen R{\"a}ume},
  journal = {Mathematische Annalen},
  year = {1924}
}

@article{wallman1938lattices,
  author = {H. Wallman},
  title = {Lattices and Topological Spaces},
  journal = {Annals of Mathematics},
  volume = {39},
  number = {1},
  pages = {112--126},
  year = {1938}
}

@article{macneille1937extension,
  author = {H. M. MacNeille},
  title = {Partially Ordered Sets},
  journal = {Transactions of the American Mathematical Society},
  volume = {42},
  number = {2},
  pages = {416--460},
  year = {1937}
}

@book{pontryagin1966topological,
  author = {L. S. Pontryagin},
  title = {Topological Groups},
  publisher = {Gordon and Breach},
  year = {1966}
}

@book{gabriel1971categories,
  author = {P. Gabriel and F. Ulmer},
  title = {Lokal pr{\"a}sentierbare Kategorien},
  publisher = {Springer},
  year = {1971}
}

@article{garner2018cylinder,
  author = {R. Garner},
  title = {Cylinder Factorisation Systems},
  journal = {Theory and Applications of Categories},
  volume = {33},
  pages = {Paper No. 39, 1171--1222},
  year = {2018}
}
